@online{robo4you,
	year = {2022},
	title = {robo4you Website},
	url = {https://robo4you.at},
	urldate = {2013-10-14},
	language = {de}
}


@misc{unimate,
	title = {George Devol: A Life Devoted to Invention, and Robots},
	url = {https://spectrum.ieee.org/automaton/robotics/industrial-robots/george-devol-a-life-devoted-to-invention-and-robots},
	urldate = {2021-06-17},
	author = {{Bob Malone}},
	language = {en},
	publisher = {IEEE Spectrum}
}

@book{bekey2005autonomous,
	title={Autonomous robots: from biological inspiration to implementation and control},
	url = {https://books.google.at/books?hl=de&lr=&id=8MbxCwAAQBAJ&oi=fnd&pg=PR7&dq=autonomous+robots&ots=5EXAZx-UDf&sig=u_CyTA0fa4aMRFAAdnbXpKhaf94&redir_esc=y#v=onepage&q=autonomous%20robots&f=false}, 
	urldate = {2021-06-30},
	author={Bekey, George A},
	year={2005},
	language = {en},
	publisher={MIT press}
}